@misc{apdc_cybersecurity_2019,
  accessdate   = {2022-12-30},
  howpublished = {Website},
  note         = {Acedido em 2021-12-30},
  organization = {Portuguese Association for Consumer Protection},
  title        = {Cybersecurity in Portugal: Challenges and Opportunities},
  url          = {https://www.apdc.pt/en/consumer-rights/cybersecurity-in-portugal-challenges-and-opportunities/},
  year         = {2019}
}

@misc{edps_cnpd_2021,
  accessdate   = {2022-12-30},
  howpublished = {Website},
  note         = {Acedido em 2021-12-30},
  organization = {European Data Protection Supervisor},
  title        = {Portuguese Data Protection Authority (CNPD)},
  url          = {https://edps.europa.eu/data-protection/data-protection/eu-institutions-bodies-offices/supervision/other-supervisory-authorities/portuguese-data-protection-authority-cnpd_en},
  year         = {2021}
}

@misc{enisa_nis_2021,
  accessdate   = {2022-12-30},
  howpublished = {Website},
  note         = {Acedido em 2021-12-30},
  organization = {European Union Agency for Cybersecurity},
  title        = {Network and Information Systems (NIS) Directive},
  url          = {https://www.enisa.europa.eu/topics/network-and-information-systems-nis-directive},
  year         = {2021}
}

@misc{eu_gdpr_2021,
  accessdate   = {2022-12-30},
  howpublished = {Website},
  note         = {Acedido em 2021-12-30},
  organization = {European Commission},
  title        = {General Data Protection Regulation (GDPR)},
  url          = {https://ec.europa.eu/info/law/law-topic/data-protection/reform/general-data-protection-regulation-gdpr_en},
  year         = {2021}
}

@misc{europol_cybercrime_2021,
  accessdate   = {2022-12-30},
  howpublished = {Website},
  note         = {Acedido em 2021-12-30},
  organization = {European Cybercrime Centre},
  title        = {Overview of Cybercrime in Portugal},
  url          = {https://www.europol.europa.eu/crime-areas-and-trends/cybercrime/overview-of-cybercrime-in-portugal},
  year         = {2021}
}

@misc{portugal_cybersecurity_2021,
  accessdate   = {2022-12-30},
  howpublished = {Website},
  note         = {Acedido em 2021-12-30},
  organization = {Embassy of Portugal in the United Kingdom},
  title        = {Cybersecurity and Cybercrime in Portugal},
  url          = {https://www.portugal.org.uk/en/article/cybersecurity-and-cybercrime-in-portugal},
  year         = {2021}
}
